@article{begg2006neural,
	title={Neural networks for detection and classification of walking pattern changes due to ageing},
	author={Begg, Rezaul and Kamruzzaman, J},
	journal={Australasian Physical \& Engineering Science in Medicine},
	volume={29},
	number={2},
	pages={188--195},
	year={2006},
	publisher={Springer}
}

@article{vanishinggradient,
	title={Untersuchungen zu dynamischen neuronalen Netzen},
	author={Hochreiter, Sepp},
	journal={Diploma, Technische Universit{\"a}t M{\"u}nchen},
	volume={91},
	year={1991}
}

@article{nn1943,
	title={A logical calculus of the ideas immanent in nervous activity},
	author={McCulloch, Warren S and Pitts, Walter},
	journal={The bulletin of mathematical biophysics},
	volume={5},
	number={4},
	pages={115--133},
	year={1943},
	publisher={Springer}
}

@inproceedings{kohavi1995study,
	title={A study of cross-validation and bootstrap for accuracy estimation and model selection},
	author={Kohavi, Ron},
	booktitle={Ijcai},
	volume={14},
	number={2},
	pages={1137--1145},
	year={1995},
	organization={Stanford, CA}
}

@article{crossvalmisconceptions,
	title={Cross-validation for selecting a model selection procedure},
	author={Zhang, Yongli and Yang, Yuhong},
	journal={Journal of Econometrics},
	volume={187},
	number={1},
	pages={95--112},
	year={2015},
	publisher={Elsevier}
}

@inproceedings{bestcvempirical,
	title={Choosing between two learning algorithms based on calibrated tests},
	author={Bouckaert, Remco R},
	booktitle={Proceedings of the 20th International Conference on Machine Learning (ICML-03)},
	pages={51--58},
	year={2003}
}

@article{nounbiasedkfoldcv,
	title={No unbiased estimator of the variance of k-fold cross-validation},
	author={Bengio, Yoshua and Grandvalet, Yves},
	journal={Journal of machine learning research},
	volume={5},
	number={Sep},
	pages={1089--1105},
	year={2004}
}



@article{bestcvapproximate,
	title={Approximate statistical tests for comparing supervised classification learning algorithms},
	author={Dietterich, Thomas G},
	journal={Neural computation},
	volume={10},
	number={7},
	pages={1895--1923},
	year={1998},
	publisher={MIT Press}
}

@inproceedings{hjorthsmartphone,
	title={iPrevention: Towards a novel real-time smartphone-based fall prevention system},
	author={Majumder, Akm Jahangir Alam and Rahman, Farzana and Zerin, Ishmat and Ebel Jr, William and Ahamed, Sheikh Iqbal},
	booktitle={Proceedings of the 28th Annual ACM Symposium on Applied Computing},
	pages={513--518},
	year={2013},
	organization={ACM}
}

@article{hfdalzheimers,
	title={Use of the {Higuchi's} fractal dimension for the analysis of {MEG} recordings from {Alzheimer's} disease patients},
	author={G{\'o}mez, Carlos and Mediavilla, {\'A}ngela and Hornero, Roberto and Ab{\'a}solo, Daniel and Fern{\'a}ndez, Alberto},
	journal={Medical engineering \& physics},
	volume={31},
	number={3},
	pages={306--313},
	year={2009},
	publisher={Elsevier}
}

@article{martin1999fisherinfoeeg,
	title={Fisher's information and the analysis of complex signals},
	author={Martin, MT and Pennini, F and Plastino, A},
	journal={Physics Letters A},
	volume={256},
	number={2},
	pages={173--180},
	year={1999},
	publisher={Elsevier}
}

@article{werbos1974beyond,
	title={Beyond regression: New tools for prediction and analysis in the behavioral sciences},
	author={Werbos, Paul John},
	journal={Doctoral Dissertation, Applied Mathematics, Harvard University, MA},
	year={1974}
}

@article{minsky1969perceptrons,
	title={Perceptrons.},
	author={Minsky, Marvin and Papert, Seymour},
	year={1969},
	publisher={MIT press}
}

@article{rosenblatt1958perceptron,
	title={The perceptron: A probabilistic model for information storage and organization in the brain.},
	author={Rosenblatt, Frank},
	journal={Psychological review},
	volume={65},
	number={6},
	pages={386},
	year={1958},
	publisher={American Psychological Association}
}

@article{fractalEEG,
	title={Comparison of fractal and power spectral {EEG} features: Effects of topography and sleep stages},
	author={Weiss, B{\'e}la and Clemens, Zs{\'o}fia and B{\'o}dizs, R{\'o}bert and Hal{\'a}sz, P{\'e}ter},
	journal={Brain Research Bulletin},
	volume={84},
	number={6},
	pages={359--375},
	year={2011},
	publisher={Elsevier}
}

@article{pyeeg,
	title={{PyEEG}: an open source python module for {EEG/MEG} feature extraction},
	author={Bao, Forrest Sheng and Liu, Xin and Zhang, Christina},
	journal={Computational intelligence and neuroscience},
	volume={2011},
	year={2011},
	publisher={Hindawi Publishing Corporation}
}

@article{hurst,
	title={Long-term storage capacity of reservoirs},
	author={Hurst, Harold Edwin},
	journal={Trans. Amer. Soc. Civil Eng.},
	volume={116},
	pages={770--808},
	year={1951}
}

@article{hfdcop,
	title={Discriminating between elderly and young using a fractal dimension analysis of centre of pressure},
	author={Doyle, Tim LA and Dugan, Eric L and Humphries, Brendan and Newton, Robert U},
	journal={International journal of medical sciences},
	volume={1},
	number={1},
	pages={11},
	year={2004},
	publisher={Ivyspring International Publisher}
}

@article{hfd,
	title={Approach to an irregular time series on the basis of the fractal theory},
	author={Higuchi, Tomoyuki},
	journal={Physica D: Nonlinear Phenomena},
	volume={31},
	number={2},
	pages={277--283},
	year={1988},
	publisher={Elsevier}
}

@inproceedings{gaitsound,
	title={Gait-based person identification by spectral, cepstral and energy-related audio features},
	author={Geiger, J{\"u}rgen T and Hofmann, Martin and Schuller, Bj{\"o}rn and Rigoll, Gerhard},
	booktitle={Acoustics, Speech and Signal Processing (ICASSP), 2013 IEEE International Conference on},
	pages={458--462},
	year={2013},
	organization={IEEE}
}

@inproceedings{diaz2014step,
	title={Step detector and step length estimator for an inertial pocket navigation system},
	author={Diaz, Estefania Munoz and Gonzalez, Ana Luz Mendiguchia},
	booktitle={Indoor Positioning and Indoor Navigation (IPIN), 2014 International Conference on},
	pages={105--110},
	year={2014},
	organization={IEEE}
}

@inproceedings{treesinaforest,
	title={How many trees in a random forest?},
	author={Oshiro, Thais Mayumi and Perez, Pedro Santoro and Baranauskas, Jos{\'e} Augusto},
	booktitle={MLDM},
	pages={154--168},
	year={2012},
	organization={Springer}
}

@article{aucmislead,
	title={AUC: a misleading measure of the performance of predictive distribution models},
	author={Lobo, Jorge M and Jim{\'e}nez-Valverde, Alberto and Real, Raimundo},
	journal={Global ecology and Biogeography},
	volume={17},
	number={2},
	pages={145--151},
	year={2008},
	publisher={Wiley Online Library}
}

@inproceedings{aucgood,
	title={AUC: a statistically consistent and more discriminating measure than accuracy},
	author={Ling, Charles X and Huang, Jin and Zhang, Harry},
	booktitle={IJCAI},
	volume={3},
	pages={519--524},
	year={2003}
}

@inproceedings{imbalancedml,
	title={Facing imbalanced data--Recommendations for the use of performance metrics},
	author={Jeni, L{\'a}szl{\'o} A and Cohn, Jeffrey F and De La Torre, Fernando},
	booktitle={Affective Computing and Intelligent Interaction (ACII), 2013 Humaine Association Conference on},
	pages={245--251},
	year={2013},
	organization={IEEE}
}

@article{publicationbias,
	title={Publication bias in clinical research},
	author={Easterbrook, Phillipa J and Gopalan, Ramana and Berlin, JA and Matthews, David R},
	journal={The Lancet},
	volume={337},
	number={8746},
	pages={867--872},
	year={1991},
	publisher={Elsevier}
}

@article{replicability,
	title={Estimating the reproducibility of psychological science},
	author={Open Science Collaboration and others},
	journal={Science},
	volume={349},
	number={6251},
	pages={aac4716},
	year={2015},
	publisher={American Association for the Advancement of Science}
}

@article{hammarberg1980perceptual,
	title={Perceptual and acoustic correlates of abnormal voice qualities},
	author={Hammarberg, Britta and Fritzell, Bernard and Gaufin, J and Sundberg, Johan and Wedin, Lage},
	journal={Acta oto-laryngologica},
	volume={90},
	number={1-6},
	pages={441--451},
	year={1980},
	publisher={Taylor \& Francis}
}

@article{biasvarnn,
	title={Neural networks and the bias/variance dilemma},
	author={Geman, Stuart and Bienenstock, Elie and Doursat, Ren{\'e}},
	journal={Neural computation},
	volume={4},
	number={1},
	pages={1--58},
	year={1992},
	publisher={MIT Press}
}

@inproceedings{gridsearch,
	title={Practical bayesian optimization of machine learning algorithms},
	author={Snoek, Jasper and Larochelle, Hugo and Adams, Ryan P},
	booktitle={Advances in neural information processing systems},
	pages={2951--2959},
	year={2012}
}

@inproceedings{mfccrobust,
	title={On desensitizing the Mel-Cepstrum to spurious spectral components for Robust Speech Recognition},
	author={Tyagi, Vivek and Wellekens, Christian},
	booktitle={Acoustics, Speech, and Signal Processing, 2005. Proceedings.(ICASSP'05). IEEE International Conference on},
	volume={1},
	pages={I--529},
	year={2005},
	organization={IEEE}
}

@article{mfccrobust2,
	title={Improving the noise-robustness of mel-frequency cepstral coefficients for speech processing},
	author={Ravindran, Sourabh and Anderson, David V and Slaney, Malcolm},
	journal={Reconstruction},
	volume={12},
	pages={14},
	year={2006}
}

@article{toyer2017human,
	title={Human Pose Forecasting via Deep Markov Models},
	author={Toyer, Sam and Cherian, Anoop and Han, Tengda and Gould, Stephen},
	journal={arXiv preprint arXiv:1707.09240},
	year={2017}
}

@article{mfcchistory,
	title={From frequency to quefrency: A history of the cepstrum},
	author={Oppenheim, Alan V and Schafer, Ronald W},
	journal={IEEE signal processing Magazine},
	volume={21},
	number={5},
	pages={95--106},
	year={2004},
	publisher={IEEE}
}

@inproceedings{tkeo,
	title={On a simple algorithm to calculate the `energy' of a signal},
	author={Kaiser, James F},
	booktitle={Acoustics, Speech, and Signal Processing, 1990. ICASSP-90., 1990 International Conference on},
	pages={381--384},
	year={1990},
	organization={IEEE}
}

@inproceedings{mfscale,
	title={Cepstral analysis synthesis on the mel frequency scale},
	author={Imai, Satoshi},
	booktitle={Acoustics, Speech, and Signal Processing, IEEE International Conference on ICASSP'83.},
	volume={8},
	pages={93--96},
	year={1983},
	organization={IEEE}
}

@inproceedings{smartphoneactivityrecognition,
	title={Activity recognition from accelerometer data},
	author={Ravi, Nishkam and Dandekar, Nikhil and Mysore, Preetham and Littman, Michael L},
	booktitle={Aaai},
	volume={5},
	number={2005},
	pages={1541--1546},
	year={2005}
}

@misc{little2007biomechanically,
	title={Biomechanically Informed, Nonlinear Speech Signal Processing.},
	author={Little, MA},
	year={2007},
	journal={University of Oxford}
}

@inproceedings{dypsa,
	title={The {DYPSA} algorithm for estimation of glottal closure instants in voiced speech},
	author={Kounoudes, Anastasis and Naylor, Patrick A and Brookes, Mike},
	booktitle={Acoustics, Speech, and Signal Processing (ICASSP), 2002 IEEE International Conference on},
	volume={1},
	pages={I--349},
	year={2002},
	organization={IEEE}
}

@article{dfa,
	title={Mosaic organization of DNA nucleotides},
	author={Peng, C-K and Buldyrev, Sergey V and Havlin, Shlomo and Simons, Michael and Stanley, H Eugene and Goldberger, Ary L},
	journal={Physical review e},
	volume={49},
	number={2},
	pages={1685},
	year={1994},
	publisher={APS}
}

@article{compareis13featureset,
	title={On the acoustics of emotion in audio: what speech, music, and sound have in common},
	author={Weninger, Felix and Eyben, Florian and Schuller, Bj{\"o}rn W and Mortillaro, Marcello and Scherer, Klaus R},
	journal={Frontiers in psychology},
	volume={4},
	year={2013},
	publisher={Frontiers Media SA}
}

@inproceedings{hahm2015parkinson,
	title={{Parkinson's} condition estimation using speech acoustic and inversely mapped articulatory data},
	author={Hahm, Seongjun UT and Wang, Jun UT},
	booktitle={INTERSPEECH},
	volume={2015},
	year={2015},
	organization={International Speech and Communication Association}
}


@inproceedings{orozco2015voiced,
	title={Voiced/unvoiced transitions in speech as a potential bio-marker to detect {Parkinson's} disease},
	author={Orozco-Arroyave, Juan Rafael and H{\"o}nig, Florian and Arias-Londo{\~n}o, Juli{\'a}n D and Vargas-Bonilla, JF and Skodda, Sabine and Rusz, Jan and N{\"o}th, Elmar},
	booktitle={Sixteenth Annual Conference of the International Speech Communication Association},
	year={2015}
}

@inproceedings{williamson2015segment,
	title={Segment-dependent dynamics in predicting {Parkinson's} disease},
	author={Williamson, James R and Quatieri, Thomas F and Helfer, Brian S and Perricone, Joseph and Ghosh, Satrajit S and Ciccarelli, Gregory and Mehta, Daryush D},
	booktitle={Sixteenth Annual Conference of the International Speech Communication Association},
	year={2015}
}

@inproceedings{cancela2016monitoring,
	title={Monitoring of motor and non-motor symptoms of {Parkinson's} disease through a mHealth platform},
	author={Cancela, Jorge and Mascato, Samanta Villanueva and Gatsios, Dimitrios and Rigas, George and Marcante, Andrea and Gentile, Giovanni and Biundo, Roberta and Giglio, Manuela and Chondrogiorgi, Maria and Vilzmann, Robert and others},
	booktitle={Engineering in Medicine and Biology Society (EMBC), 2016 IEEE 38th Annual International Conference of the},
	pages={663--666},
	year={2016},
	organization={IEEE}
}

@inproceedings{is2012,
	title={The INTERSPEECH 2012 Speaker Trait Challenge.},
	author={Schuller, Bj{\"o}rn W and Steidl, Stefan and Batliner, Anton and N{\"o}th, Elmar and Vinciarelli, Alessandro and Burkhardt, Felix and Van Son, Rob and Weninger, Felix and Eyben, Florian and Bocklet, Tobias and others},
	booktitle={Interspeech},
	volume={2012},
	pages={254--257},
	year={2012}
}

@inproceedings{is2009,
	title={The interspeech 2009 emotion challenge},
	author={Schuller, Bj{\"o}rn and Steidl, Stefan and Batliner, Anton},
	booktitle={Tenth Annual Conference of the International Speech Communication Association},
	year={2009}
}

@article{is2013,
	title={The INTERSPEECH 2013 computational paralinguistics challenge: social signals, conflict, emotion, autism},
	author={Schuller, Bj{\"o}rn and Steidl, Stefan and Batliner, Anton and Vinciarelli, Alessandro and Scherer, Klaus and Ringeval, Fabien and Chetouani, Mohamed and Weninger, Felix and Eyben, Florian and Marchi, Erik and others},
	year={2013}
}

@article{grosz2015assessingis15,
	title={Assessing the degree of nativeness and {Parkinson's} condition using Gaussian processes and deep rectifier neural networks},
	author={Gr{\'o}sz, Tam{\'a}s and Busa-Fekete, R{\'o}bert and Gosztolya, G{\'a}bor and T{\'o}th, L{\'a}szl{\'o}},
	year={2015},
	publisher={INTERSPEECH},
	journal={INTERSPEECH}
}

@inproceedings{compareis15pd,
	title={The INTERSPEECH 2015 Computational Paralinguistics Challenge: Nativeness, {Parkinson's} \& Eating Condition},
	author={Schuller, Bj{\"o}rn and Steidl, Stefan and Batliner, Anton and Hantke, Simone and H{\"o}nig, Florian and Orozco-Arroyave, Juan Rafael and N{\"o}th, Elmar and Zhang, Yue and Weninger, Felix},
	booktitle={Sixteenth Annual Conference of the International Speech Communication Association},
	year={2015}
}

@inproceedings{compareis16,
	title={The INTERSPEECH 2016 Computational Paralinguistics Challenge: Deception, Sincerity \& Native Language.},
	author={Schuller, Bj{\"o}rn W and Steidl, Stefan and Batliner, Anton and Hirschberg, Julia and Burgoon, Judee K and Baird, Alice and Elkins, Aaron C and Zhang, Yue and Coutinho, Eduardo and Evanini, Keelan},
	booktitle={INTERSPEECH},
	pages={2001--2005},
	year={2016}
}

@article{f0estimation,
	title={Robust fundamental frequency estimation in sustained vowels: detailed algorithmic comparisons and information fusion with adaptive Kalman filtering},
	author={Tsanas, Athanasios and Za{\~n}artu, Mat{\'\i}as and Little, Max A and Fox, Cynthia and Ramig, Lorraine O and Clifford, Gari D},
	journal={The Journal of the Acoustical Society of America},
	volume={135},
	number={5},
	pages={2885--2901},
	year={2014},
	publisher={ASA}
}

@article{nadam,
	title={Incorporating nesterov momentum into adam},
	author={Dozat, Timothy},
	journal={ICLR 2016 workshop submission},
	year={2016}
}
@misc{keras,
	title={Keras},
	author={Chollet, Fran{\c{c}}ois and others},
	year={2015},
	publisher={GitHub}, 
	journal={GitHub repository}, 
	howpublished={\url {https://github. com/fchollet/keras}}
}

@inproceedings{hyperopt,
	title={Hyperopt: A python library for optimizing the hyperparameters of machine learning algorithms},
	author={Bergstra, James and Yamins, Dan and Cox, David D},
	booktitle={Proceedings of the 12th Python in Science Conference},
	pages={13--20},
	year={2013}
}
@article{racial,
	title={Racial differences in the diagnosis of {Parkinson's} disease},
	author={Dahodwala, Nabila and Siderowf, Andrew and Xie, Ming and Noll, Elizabeth and Stern, Matthew and Mandell, David S},
	journal={Movement Disorders},
	volume={24},
	number={8},
	pages={1200--1205},
	year={2009},
	publisher={Wiley Online Library}
}

@article{wang2007speechenhancement,
	title={Robust speaker identification and verification},
	author={Wang, Jia-Ching and Yang, Chung-Hsien and Wang, Jhing-Fa and Lee, Hsiao-Ping},
	journal={IEEE Computational Intelligence Magazine},
	volume={2},
	number={2},
	pages={52--59},
	year={2007},
	publisher={IEEE}
}

@inproceedings{vasquez2015automatic,
	title={Automatic detection of {Parkinson's} disease from continuous speech recorded in non-controlled noise conditions},
	author={V{\'a}squez-Correa, Juan Camilo and Arias-Vergara, Tomas and Orozco-Arroyave, Juan Rafael and Vargas-Bonilla, JF and Arias-Londo{\~n}o, Juli{\'a}n D and N{\"o}th, Elmar},
	booktitle={Sixteenth Annual Conference of the International Speech Communication Association},
	year={2015}
}

@article{crawford2011differentiationtremor,
	title={Differentiation and diagnosis of tremor},
	author={Crawford, Paul and Zimmerman, Ethan E},
	journal={American family physician},
	volume={83},
	number={6},
	pages={697},
	year={2011}
}

@article{pdtremorpercent1,
	title={What is {Parkinson's} Disease?},
	author={Wilkins, Foundation},
	journal={WPF},
	year={2011},
	howpublished = {\url{http://www.wilkins-pf.org/info.php}},
}

@article{pdtremorpercent2,
	title={{Parkinson's} Diagnosis},
	author={Kalia, Lorraine V and Lang, Anthony E},
	journal={Lancelet},
	year={2015},
	pages={896–912}
}

@article{ageracial,
	title={Incidence of {Parkinson's} disease: variation by age, gender, and race/ethnicity},
	author={Van Den Eeden, Stephen K and Tanner, Caroline M and Bernstein, Allan L and Fross, Robin D and Leimpeter, Amethyst and Bloch, Daniel A and Nelson, Lorene M},
	journal={American journal of epidemiology},
	volume={157},
	number={11},
	pages={1015--1022},
	year={2003},
	publisher={Oxford University Press}
}
@article{levedoparesponserate,
	title={{Parkinson's} disease},
	author={Lang, Anthony E and Lozano, Andres M},
	journal={New England Journal of Medicine},
	volume={339},
	number={15},
	pages={1044--1053},
	year={1998},
	publisher={Mass Medical Soc}
}

@inproceedings{tpe,
	title={Algorithms for hyper-parameter optimization},
	author={Bergstra, James S and Bardenet, R{\'e}mi and Bengio, Yoshua and K{\'e}gl, Bal{\'a}zs},
	booktitle={Advances in Neural Information Processing Systems},
	pages={2546--2554},
	year={2011}
}

@inproceedings{heinitialization,
	title={Delving deep into rectifiers: Surpassing human-level performance on imagenet classification},
	author={He, Kaiming and Zhang, Xiangyu and Ren, Shaoqing and Sun, Jian},
	booktitle={Proceedings of the IEEE international conference on computer vision},
	pages={1026--1034},
	year={2015}
}

@Misc{gpy2014,
	author =   {{GPy}},
	title =    {{GPy}: A Gaussian process framework in python},
	howpublished = {\url{http://github.com/SheffieldML/GPy}},
	year = {since 2012}
}

@inproceedings{fs_rfs,
	title={Efficient and robust feature selection via joint ℓ2, 1-norms minimization},
	author={Nie, Feiping and Huang, Heng and Cai, Xiao and Ding, Chris H},
	booktitle={Advances in neural information processing systems},
	pages={1813--1821},
	year={2010}
}

@article{skfeature,
	title={Feature Selection: A Data Perspective},
	author={Li, Jundong and Cheng, Kewei and Wang, Suhang and Morstatter, Fred and Trevino, Robert P and Tang, Jiliang and Liu, Huan},
	journal={arXiv preprint arXiv:1601.07996},
	year={2016}
}

@article{dysphoniaseverityindex,
	title={The dysphonia severity indexan objective measure of vocal quality based on a multiparameter approach},
	author={Wuyts, Floris L and De Bodt, Marc S and Molenberghs, Geert and Remacle, Marc and Heylen, Louis and Millet, Benoite and Van Lierde, Kristiane and Raes, Jan and Van de Heyning, Paul H},
	journal={Journal of Speech, Language, and Hearing Research},
	volume={43},
	number={3},
	pages={796--809},
	year={2000},
	publisher={ASHA}
}

@article{titze2008nonlinear,
	title={Nonlinear source--filter coupling in phonation: Theory a},
	author={Titze, Ingo R},
	journal={The Journal of the Acoustical Society of America},
	volume={123},
	number={4},
	pages={1902--1915},
	year={2008},
	publisher={ASA}
}

@article{earlyvowel,
	title={Imprecise vowel articulation as a potential early marker of {Parkinson's} disease: Effect of speaking task},
	author={Rusz, Jan and Cmejla, Roman and Tykalova, Tereza and Ruzickova, Hana and Klempir, Jiri and Majerova, Veronika and Picmausova, Jana and Roth, Jan and Ruzicka, Evzen},
	journal={The Journal of the Acoustical Society of America},
	volume={134},
	number={3},
	pages={2171--2181},
	year={2013},
	publisher={ASA}
}

@inproceedings{audioaugmentation,
	title={Audio augmentation for speech recognition.},
	author={Ko, Tom and Peddinti, Vijayaditya and Povey, Daniel and Khudanpur, Sanjeev},
	booktitle={INTERSPEECH},
	pages={3586--3589},
	year={2015}
}

@inproceedings{windnoise,
	title={Wind noise reduction using non-negative sparse coding},
	author={Schmidt, Mikkel N and Larsen, Jan and Hsiao, Fu-Tien},
	booktitle={Machine Learning for Signal Processing, 2007 IEEE Workshop on},
	pages={431--436},
	year={2007},
	organization={IEEE}
}

@article{youngpd1,
	title={Young onset {Parkinson's} disease},
	author={Quinn, Niall and Critchley, Peter and Marsden, C David},
	journal={Movement Disorders},
	volume={2},
	number={2},
	pages={73--91},
	year={1987},
	publisher={Wiley Online Library}
}
@article{youngpd2,
	title={Young-onset {Parkinson's} disease A clinical review},
	author={Golbe, Lawrence I},
	journal={Neurology},
	volume={41},
	number={2 Part 1},
	pages={168--168},
	year={1991},
	publisher={AAN Enterprises}
}

@inproceedings{crowdsourcing,
	title={Iterative learning for reliable crowdsourcing systems},
	author={Karger, David R and Oh, Sewoong and Shah, Devavrat},
	booktitle={Advances in neural information processing systems},
	pages={1953--1961},
	year={2011}
}

@article{yang2014effective,
	title={Effective dysphonia detection using feature dimension reduction and kernel density estimation for patients with {Parkinson's} disease},
	author={Yang, Shanshan and Zheng, Fang and Luo, Xin and Cai, Suxian and Wu, Yunfeng and Liu, Kaizhi and Wu, Meihong and Chen, Jian and Krishnan, Sridhar},
	journal={PloS one},
	volume={9},
	number={2},
	pages={e88825},
	year={2014},
	publisher={Public Library of Science}
}

@inproceedings{sriram2015diagnosis,
	title={Diagnosis of {Parkinson} Disease Using Machine Learning and Data Mining Systems from Voice Dataset},
	author={Sriram, Tarigoppula VS and Rao, M Venkateswara and Narayana, GV Satya and Kaladhar, DSVGK},
	booktitle={Proceedings of the 3rd International Conference on Frontiers of Intelligent Computing: Theory and Applications (FICTA) 2014},
	pages={151--157},
	year={2015},
	organization={Springer}
}

@article{cnnvis,
	title={Understanding neural networks through deep visualization},
	author={Yosinski, Jason and Clune, Jeff and Nguyen, Anh and Fuchs, Thomas and Lipson, Hod},
	journal={arXiv preprint arXiv:1506.06579},
	year={2015}
}

@misc{mjfoxchallenge2013,
	title={{Michael J. Fox Foundation} Launches \$10,000 {Parkinson's} Data Challenge},
	year={2013},
	publisher={Michael J. Fox Foundation},
	howpublished = {\url{https://www.michaeljfox.org/foundation/publication-detail.html?id=325}}
}

@inproceedings{cnn,
	title={Imagenet classification with deep convolutional neural networks},
	author={Krizhevsky, Alex and Sutskever, Ilya and Hinton, Geoffrey E},
	booktitle={Advances in neural information processing systems},
	pages={1097--1105},
	year={2012}
}

@article{mandal2014new,
	title={New machine-learning algorithms for prediction of {Parkinson's} disease},
	author={Mandal, Indrajit and Sairam, N},
	journal={International Journal of Systems Science},
	volume={45},
	number={3},
	pages={647--666},
	year={2014},
	publisher={Taylor \& Francis}
}

@article{rustempasic2013diagnosis,
	title={Diagnosis of parkinson’s disease using fuzzy c-means clustering and pattern recognition},
	author={Rustempasic, Indira and Can, Mehmet},
	journal={Southeast Europe Journal of Soft Computing},
	volume={2},
	number={1},
	year={2013}
}

@article{akin2011classifier,
	title={Classifier ensemble construction with rotation forest to improve medical diagnosis performance of machine learning algorithms},
	author={Ozcift, Akin and Gulten, Arif},
	journal={Computer methods and programs in biomedicine},
	volume={104},
	number={3},
	pages={443--451},
	year={2011},
	publisher={Elsevier}
}

@article{swayspectral,
	title={The spectral characteristics of postural sway behaviour},
	author={Soames, RW and Atha, J},
	journal={European journal of applied physiology and occupational physiology},
	volume={49},
	number={2},
	pages={169--177},
	year={1982},
	publisher={Springer}
}

@article{gne,
	title={Glottal-to-noise excitation ratio--a new measure for describing pathological voices},
	author={Michaelis, Dirk and Gramss, Tino and Strube, Hans Werner},
	journal={Acta Acustica united with Acustica},
	volume={83},
	number={4},
	pages={700--706},
	year={1997},
	publisher={S. Hirzel Verlag}
}

@article{gneratio,
	title={The effectiveness of the glottal to noise excitation ratio for the screening of voice disorders},
	author={Godino-Llorente, Juan Ignacio and Osma-Ruiz, V{\'\i}ctor and S{\'a}enz-Lech{\'o}n, Nicol{\'a}s and G{\'o}mez-Vilda, Pedro and Blanco-Velasco, Manuel and Cruz-Rold{\'a}n, Fernando},
	journal={Journal of Voice},
	volume={24},
	number={1},
	pages={47--56},
	year={2010},
	publisher={Elsevier}
}

@article{tkeoseo,
	title={A comparison of the squared energy and Teager-Kaiser operators for short-term energy estimation in additive noise},
	author={Dimitriadis, Dimitrios and Potamianos, Alexandros and Maragos, Petros},
	journal={IEEE Transactions on signal processing},
	volume={57},
	number={7},
	pages={2569--2581},
	year={2009},
	publisher={IEEE}
}

@article{bolat2010classification,
	title={Classification of {Parkinson's} disease by using voice measurements},
	author={Bolat, Bulent and Bolat Sert, Suna},
	journal={International Journal of Reasoning-based Intelligent Systems},
	volume={2},
	number={3-4},
	pages={279--284},
	year={2010},
	publisher={Inderscience Publishers}
}

@article{rocchi2006identification,
	title={Identification of distinct characteristics of postural sway in {Parkinson's} disease: a feature selection procedure based on principal component analysis},
	author={Rocchi, Laura and Chiari, Lorenzo and Cappello, Angelo and Horak, Fay B},
	journal={Neuroscience letters},
	volume={394},
	number={2},
	pages={140--145},
	year={2006},
	publisher={Elsevier}
}

@article{esser2011assessment,
	title={Assessment of spatio-temporal gait parameters using inertial measurement units in neurological populations},
	author={Esser, Patrick and Dawes, Helen and Collett, Johnny and Feltham, Max G and Howells, Ken},
	journal={Gait \& posture},
	volume={34},
	number={4},
	pages={558--560},
	year={2011},
	publisher={Elsevier}
}

@article{roiz2010gait,
	title={Gait analysis comparing {Parkinson's} disease with healthy elderly subjects},
	author={Roiz, Roberta de Melo and Cacho, Enio Walker Azevedo and Pazinatto, Manoela Macedo and Reis, Julia Guimar{\~a}es and Cliquet Jr, Alberto and Barasnevicius-Quagliato, Elizabeth},
	journal={Arquivos de neuro-psiquiatria},
	volume={68},
	number={1},
	pages={81--86},
	year={2010},
	publisher={SciELO Brasil}
}

@inproceedings{barth2011biometric,
	title={Biometric and mobile gait analysis for early diagnosis and therapy monitoring in {Parkinson's} disease},
	author={Barth, Jens and Klucken, Jochen and Kugler, Patrick and Kammerer, Thomas and Steidl, Ralph and Winkler, J{\"u}rgen and Hornegger, Joachim and Eskofier, Bj{\"o}rn},
	booktitle={Engineering in Medicine and Biology Society, EMBC, 2011 Annual International Conference of the IEEE},
	pages={868--871},
	year={2011},
	organization={IEEE}
}

@article{posturalsway,
	title={Excessive postural sway and the risk of falls at different stages of {Parkinson's} disease},
	author={Frenklach, Anna and Louie, Stephanie and Koop, Mandy Miller and Bronte-Stewart, Helen},
	journal={Movement Disorders},
	volume={24},
	number={3},
	pages={377--385},
	year={2009},
	publisher={Wiley Online Library}
}

@article{posturalswaylongitudinal,
	title={Postural sway as a marker of progression in {Parkinson's} disease: a pilot longitudinal study},
	author={Mancini, Martina and Carlson-Kuhta, Patricia and Zampieri, Cris and Nutt, John G and Chiari, Lorenzo and Horak, Fay B},
	journal={Gait \& posture},
	volume={36},
	number={3},
	pages={471--476},
	year={2012},
	publisher={Elsevier}
}

@article{renaudin2012step,
	title={Step length estimation using handheld inertial sensors},
	author={Renaudin, Val{\'e}rie and Susi, Melania and Lachapelle, G{\'e}rard},
	journal={Sensors},
	volume={12},
	number={7},
	pages={8507--8525},
	year={2012},
	publisher={Molecular Diversity Preservation International}
}

@article{tahir2012parkinson,
	title={{Parkinson} Disease Gait Classification based on Machine Learning Approach},
	author={Tahir, Nooritawati Md and Manap, Hany Hazfiza},
	journal={Journal of Applied Sciences},
	volume={12},
	number={2},
	pages={180--185},
	year={2012}
}

@article{khorasani2014hmm,
	title={HMM for classification of {Parkinson's} disease based on the raw gait data},
	author={Khorasani, Abed and Daliri, Mohammad Reza},
	journal={Journal of medical systems},
	volume={38},
	number={12},
	pages={1},
	year={2014},
	publisher={Springer Science \& Business Media}
}

@article{nonlineardisorder,
	title={Analysis of vocal disorders with methods from nonlinear dynamics},
	author={Herzel, Hanspeter and Berry, David and Titze, Ingo R and Saleh, Marwa},
	journal={Journal of Speech, Language, and Hearing Research},
	volume={37},
	number={5},
	pages={1008--1019},
	year={1994},
	publisher={ASHA}
}

@article{sijobert2015implementation,
	title={Implementation and Validation of a Stride Length Estimation Algorithm, Using a Single Basic Inertial Sensor on Healthy Subjects and Patients Suffering from {Parkinson's} Disease},
	author={Sijobert, Beno{\^\i}t and Benoussaad, Mourad and Denys, Jennifer and Pissard-Gibollet, Roger and Geny, Christian and Coste, Christine Azevedo},
	journal={ElectronicHealthcare},
	pages={704--714},
	year={2015}
}

@article{misdiagnosissimilar,
	title={Common misdiagnosis of a common neurological disorder: how are we misdiagnosing essential tremor?},
	author={Jain, Samay and Lo, Steven E and Louis, Elan D},
	journal={Archives of neurology},
	volume={63},
	number={8},
	pages={1100--1104},
	year={2006},
	publisher={American Medical Association}
}

@inproceedings{genevaavec,
	title={Avec 2016: Depression, mood, and emotion recognition workshop and challenge},
	author={Valstar, Michel and Gratch, Jonathan and Schuller, Bj{\"o}rn and Ringeval, Fabien and Lalanne, Dennis and Torres Torres, Mercedes and Scherer, Stefan and Stratou, Giota and Cowie, Roddy and Pantic, Maja},
	booktitle={Proceedings of the 6th International Workshop on Audio/Visual Emotion Challenge},
	pages={3--10},
	year={2016},
	organization={ACM}
}

@article{geneva,
	title={The Geneva minimalistic acoustic parameter set (GeMAPS) for voice research and affective computing},
	author={Eyben, Florian and Scherer, Klaus R and Schuller, Bj{\"o}rn W and Sundberg, Johan and Andr{\'e}, Elisabeth and Busso, Carlos and Devillers, Laurence Y and Epps, Julien and Laukka, Petri and Narayanan, Shrikanth S and others},
	journal={IEEE Transactions on Affective Computing},
	volume={7},
	number={2},
	pages={190--202},
	year={2016},
	publisher={IEEE}
}

@article{gender,
	title={An examination of male-female differences in progression and mortality of {Parkinson's} disease},
	author={Diamond, SG and Markham, CH and Hoehn, MM and McDowell, FH and Muenter, MD},
	journal={Neurology},
	volume={40},
	number={5},
	pages={763--763},
	year={1990},
	publisher={AAN Enterprises}
}
@article{gendersymptoms,
	title={Gender differences in {Parkinson's} disease symptom profile},
	author={Scott, Berit and Borgman, Anders and Engler, H and Johnels, B and Aquilonius, SM},
	journal={Acta Neurologica Scandinavica},
	volume={102},
	number={1},
	pages={37--43},
	year={2000},
	publisher={Wiley Online Library}
}
@article{spnonlinear2,
	title={Nonlinear speech analysis algorithms mapped to a standard metric achieve clinically useful quantification of average {Parkinson's} disease symptom severity},
	author={Tsanas, Athanasios and Little, Max A and McSharry, Patrick E and Ramig, Lorraine O},
	journal={Journal of the Royal Society Interface},
	volume={8},
	number={59},
	pages={842--855},
	year={2011},
	publisher={The Royal Society}
}

@article{awan2009dysphoniaspectalcepstral,
	title={Estimating dysphonia severity in continuous speech: application of a multi-parameter spectral/cepstral model},
	author={Awan, Shaheen N and Roy, Nelson and Dromey, Christopher},
	journal={Clinical linguistics \& phonetics},
	volume={23},
	number={11},
	pages={825--841},
	year={2009},
	publisher={Taylor \& Francis}
}

@article{bernheimer1973brain,
	title={Brain dopamine and the syndromes of {Parkinson} and Huntington Clinical, morphological and neurochemical correlations},
	author={Bernheimer, H and Birkmayer, Wt and Hornykiewicz, O and Jellinger, K\_\_ and Seitelberger, F 1973},
	journal={Journal of the neurological sciences},
	volume={20},
	number={4},
	pages={415--455},
	year={1973},
	publisher={Elsevier}
}

@article{rosen2006parametric,
	title={Parametric quantitative acoustic analysis of conversation produced by speakers with dysarthria and healthy speakers},
	author={Rosen, Kristin M and Kent, Raymond D and Delaney, Amy L and Duffy, Joseph R},
	journal={Journal of Speech, Language, and Hearing Research},
	volume={49},
	number={2},
	pages={395--411},
	year={2006},
	publisher={ASHA}
}

@article{spnonlinear1,
	title={New nonlinear markers and insights into speech signal degradation for effective tracking of {Parkinson's} disease symptom severity},
	author={Tsanas, Athanasios},
	journal={Age (years)},
	volume={64},
	number={8.1},
	pages={63--6},
	year={2010}
}
@article{spoverview,
	title={Accurate telemonitoring of {Parkinson's} disease symptom severity using nonlinear speech signal processing and statistical machine learning},
	author={Tsanas, Athanasios},
	journal={Diss. University of Oxford},
	year={2012}
}

@article{spworkshoptitze,
	title={Summary statement: Workshop on acoustic voice analysis},
	author={Titze, IR},
	journal={National Center for Voice and Speech},
	pages={26--30},
	year={1995}
}

@article{spalgorithms,
	title={Acoustic analysis of voice quality: A tabulation of algorithms 1902--1990},
	author={Buder, Eugene H},
	journal={Voice quality measurement},
	pages={119--244},
	year={2000},
	publisher={Singular San Diego, CA}
}

@article{spmultimdvp,
	title={Voice dysfunction in dysarthria: application of the Multi-Dimensional Voice Program™},
	author={Kent, RD and Vorperian, HK and Kent, JF and Duffy, Joseph R},
	journal={Journal of communication Disorders},
	volume={36},
	number={4},
	pages={281--306},
	year={2003},
	publisher={Elsevier}
}
@article{spmulti2,
	title={Acoustic analysis of pathological voice: some results of clinical application},
	author={Hirano, Minoru and Hibi, Seishi and Yoshida, Tetsuji and Hirade, Yoshio and Kasuya, Hideki and Kikuchi, Yoshinobu},
	journal={Acta oto-laryngologica},
	volume={105},
	number={5-6},
	pages={432--438},
	year={1988},
	publisher={Taylor \& Francis}
}

@article{palmerini2011tremor,
	title={Feature selection for accelerometer-based posture analysis in {Parkinson's} disease},
	author={Palmerini, Luca and Rocchi, Laura and Mellone, Sabato and Valzania, Franco and Chiari, Lorenzo},
	journal={IEEE Transactions on Information Technology in Biomedicine},
	volume={15},
	number={3},
	pages={481--490},
	year={2011},
	publisher={IEEE}
}

@article{salarian2007tremor,
	title={Quantification of tremor and bradykinesia in {Parkinson's} disease using a novel ambulatory monitoring system},
	author={Salarian, Arash and Russmann, Heike and Wider, Christian and Burkhard, Pierre R and Vingerhoets, Franios JG and Aminian, Kamiar},
	journal={IEEE Transactions on Biomedical Engineering},
	volume={54},
	number={2},
	pages={313--322},
	year={2007},
	publisher={IEEE}
}

@article{duval2004detection,
	title={The detection of tremor during slow alternating movements performed by patients with early {Parkinson's} disease},
	author={Duval, Christian and Sadikot, AbbasF and Panisset, Michel},
	journal={Experimental brain research},
	volume={154},
	number={3},
	pages={395--398},
	year={2004},
	publisher={Springer}
}

@article{cnockaert2008,
	title={Low-frequency vocal modulations in vowels produced by Parkinsonian subjects},
	author={Cnockaert, Laurence and Schoentgen, Jean and Auzou, Pascal and Ozsancak, Canan and Defebvre, L and Grenez, Francis},
	journal={Speech communication},
	volume={50},
	number={4},
	pages={288--300},
	year={2008},
	publisher={Elsevier}
}
@inproceedings{HNRperiodic,
	title={Accurate short-term analysis of the fundamental frequency and the harmonics-to-noise ratio of a sampled sound},
	author={Boersma, Paul},
	booktitle={Proceedings of the institute of phonetic sciences},
	volume={17},
	number={1193},
	pages={97--110},
	year={1993},
	organization={Amsterdam}
}

@article{HNRintro,
	title={The quantitative evaluation of hoarseness: A new harmonics to noise ratio method},
	author={Yumoto, Eiji},
	journal={Archives of Otolaryngology},
	volume={109},
	number={1},
	pages={48--52},
	year={1983},
	publisher={American Medical Association}
}

@article{shimmerjitter,
	title={Jitter and shimmer differences among sustained vowel phonations},
	author={Horii, Yoshiyuki},
	journal={J Speech Hear Res},
	volume={25},
	number={1},
	pages={12--4},
	year={1982},
	publisher={ASHA}
}

@article{jitterdysphonic,
	title={Jitter in sustained vowels and isolated sentences produced by dysphonic speakers},
	author={Schoentgen, Jean},
	journal={Speech Communication},
	volume={8},
	number={1},
	pages={61--79},
	year={1989},
	publisher={Elsevier}
}

@article{shimmer,
	title={Vocal shimmer in sustained phonation},
	author={Horii, Yoshiyuki},
	journal={Journal of Speech, Language, and Hearing Research},
	volume={23},
	number={1},
	pages={202--209},
	year={1980},
	publisher={ASHA}
}

@article{jittertime,
	title={Time series analysis of jitter},
	author={Schoentgen, Jean and De Guchteneere, Raoul},
	journal={Journal of Phonetics},
	volume={23},
	number={1},
	pages={189--201},
	year={1995},
	publisher={Elsevier}
}
@article{pdspeech2,
	title={Vocal Tract Steadiness A Measure of Phonatory and Upper Airway Motor Control During Phonation in Dysarthria},
	author={Zwirner, Petra and Barnes, Gary J},
	journal={Journal of Speech, Language, and Hearing Research},
	volume={35},
	number={4},
	pages={761--768},
	year={1992},
	publisher={ASHA}
}

@article{speechFundamentals,
	title={Fundamentals of speech recognition},
	author={Rabiner, Lawrence R and Juang, Biing-Hwang},
	year={1993},
	publisher={PTR Prentice Hall}
}
@article{DNNspeech,
	title={Deep neural networks for acoustic modeling in speech recognition: The shared views of four research groups},
	author={Hinton, Geoffrey and Deng, Li and Yu, Dong and Dahl, George E and Mohamed, Abdel-rahman and Jaitly, Navdeep and Senior, Andrew and Vanhoucke, Vincent and Nguyen, Patrick and Sainath, Tara N and others},
	journal={IEEE Signal Processing Magazine},
	volume={29},
	number={6},
	pages={82--97},
	year={2012},
	publisher={IEEE}
}

@inproceedings{opensmile,
	title={Opensmile: the munich versatile and fast open-source audio feature extractor},
	author={Eyben, Florian and W{\"o}llmer, Martin and Schuller, Bj{\"o}rn},
	booktitle={Proceedings of the 18th ACM international conference on Multimedia},
	pages={1459--1462},
	year={2010},
	organization={ACM}
}
@book{ostextbook,
	title={Real-time speech and music classification by large audio feature space extraction},
	author={Eyben, Florian},
	year={2015},
	publisher={Springer}
}

@article{smartphonemjfoxB,
	title={The construction of a novel statistical algorithm to objectively diagnose {Parkinson's} disease Using smartphone Data},
	author={Boussios, Costas and Greenbaum, Joyce and Ieong, Bertram and Kokkotos, Fotios and Kokkotos, Steve and Zalesak, Martin},
	journal={Michael J Fox Foundation},
	publisher={MJFox Foundation},
	year={2013}
}

@article{tapping,
	title={Disturbances of rhythm formation in patients with {Parkinson's} disease: part I. Characteristics of tapping response to the periodic signals},
	author={Nakamura, Ryuichi and Nagasaki, Hiroshi and Narabayashi, Hirotaro},
	journal={Perceptual and motor skills},
	volume={46},
	number={1},
	pages={63--75},
	year={1978},
	publisher={SAGE Publications Sage CA: Los Angeles, CA}
}

@article {smartphonemjfoxlion,
	title={Supervised and unsupervised machine learning for the detection, monitoring and management of {Parkinson's} disease from passive mobile phone data.},
	author={Brunato, M and Battiti, R and Pruitt, D and Sartori, E},
	journal={Michael J Fox Foundation},
	year={2013},
	publisher={MJFox Foundation}
}

@article{aicbic,
	title={Multimodel inference: understanding AIC and BIC in model selection},
	author={Burnham, Kenneth P and Anderson, David R},
	journal={Sociological methods \& research},
	volume={33},
	number={2},
	pages={261--304},
	year={2004},
	publisher={Sage Publications Sage CA: Thousand Oaks, CA}
}

@article{svmprobabilistic,
	title={Probabilistic outputs for support vector machines and comparisons to regularized likelihood methods},
	author={Platt, John and others},
	journal={Advances in large margin classifiers},
	volume={10},
	number={3},
	pages={61--74},
	year={1999},
	publisher={Cambridge, MA}
}
@article{relieff,
	title={Theoretical and empirical analysis of ReliefF and RReliefF},
	author={Robnik-{\v{S}}ikonja, Marko and Kononenko, Igor},
	journal={Machine learning},
	volume={53},
	number={1-2},
	pages={23--69},
	year={2003},
	publisher={Springer}
}

@article{dimgeometric,
	title={A global geometric framework for nonlinear dimensionality reduction},
	author={Tenenbaum, Joshua B and De Silva, Vin and Langford, John C},
	journal={science},
	volume={290},
	number={5500},
	pages={2319--2323},
	year={2000},
	publisher={American Association for the Advancement of Science}
}
@article{dimnn,
	title={Reducing the dimensionality of data with neural networks},
	author={Hinton, Geoffrey E and Salakhutdinov, Ruslan R},
	journal={science},
	volume={313},
	number={5786},
	pages={504--507},
	year={2006},
	publisher={American Association for the Advancement of Science}
}
@article{dimsvm,
	title={Dimensionality reduction via sparse support vector machines},
	author={Bi, Jinbo and Bennett, Kristin and Embrechts, Mark and Breneman, Curt and Song, Minghu},
	journal={Journal of Machine Learning Research},
	volume={3},
	number={Mar},
	pages={1229--1243},
	year={2003}
}

@article{dimlaplacian,
	title={Laplacian eigenmaps for dimensionality reduction and data representation},
	author={Belkin, Mikhail and Niyogi, Partha},
	journal={Neural computation},
	volume={15},
	number={6},
	pages={1373--1396},
	year={2003},
	publisher={MIT Press}
}

@article{dimnonlinearlle,
	title={Nonlinear dimensionality reduction by locally linear embedding},
	author={Roweis, Sam T and Saul, Lawrence K},
	journal={science},
	volume={290},
	number={5500},
	pages={2323--2326},
	year={2000},
	publisher={American Association for the Advancement of Science}
}

@book{ica,
	title={Independent component analysis},
	author={Hyv{\"a}rinen, Aapo and Karhunen, Juha and Oja, Erkki},
	volume={46},
	year={2004},
	publisher={John Wiley \& Sons}
}

@inproceedings{arora2014high,
	title={High accuracy discrimination of {Parkinson's} disease participants from healthy controls using smartphones},
	author={Arora, Siddharth and Venkataraman, Vinayak and Donohue, Sean and Biglan, Kevin M and Dorsey, Earl R and Little, Max A},
	booktitle={Acoustics, Speech and Signal Processing (ICASSP), 2014 IEEE International Conference on},
	pages={3641--3644},
	year={2014},
	organization={IEEE}
}

@article{zhan2016high,
	title={High frequency remote monitoring of {Parkinson's} disease via smartphone: platform overview and medication response detection},
	author={Zhan, Andong and Little, Max A and Harris, Denzil A and Abiola, Solomon O and Dorsey, E and Saria, Suchi and Terzis, Andreas},
	journal={arXiv preprint arXiv:1601.00960},
	year={2016}
}

@book{pca,
	title={Principal component analysis},
	author={Jolliffe, Ian},
	year={2002},
	publisher={Wiley Online Library}
}

@article{highdimsmallsize1,
	title={Some considerations of classification for high dimension low-sample size data},
	author={Zhang, Lingsong and Lin, Xihong},
	journal={Statistical methods in medical research},
	volume={22},
	number={5},
	pages={537--550},
	year={2013},
	publisher={Sage Publications Sage UK: London, England}
}

@article{decisiontrees,
	title={Induction of decision trees},
	author={Quinlan, J. Ross},
	journal={Machine learning},
	volume={1},
	number={1},
	pages={81--106},
	year={1986},
	publisher={Springer}
}
@article{featurecfs,
	title={Correlation-based feature selection of discrete and numeric class machine learning},
	author={Hall, Mark A},
	year={2000},
	publisher={University of Waikato, Department of Computer Science}
}
@article{featureselection,
	title={An introduction to variable and feature selection},
	author={Guyon, Isabelle and Elisseeff, Andr{\'e}},
	journal={Journal of machine learning research},
	volume={3},
	number={Mar},
	pages={1157--1182},
	year={2003}
}

@article{elastic,
	title={Regularization and variable selection via the elastic net},
	author={Zou, Hui and Hastie, Trevor},
	journal={Journal of the Royal Statistical Society: Series B (Statistical Methodology)},
	volume={67},
	number={2},
	pages={301--320},
	year={2005},
	publisher={Wiley Online Library}
}

@article{lasso,
	title={Regression shrinkage and selection via the lasso},
	author={Tibshirani, Robert},
	journal={Journal of the Royal Statistical Society. Series B (Methodological)},
	pages={267--288},
	year={1996},
	publisher={JSTOR}
}

@inproceedings{noniidml1,
	title={Learning Classifiers When the Training Data Is Not IID.},
	author={Dundar, Murat and Krishnapuram, Balaji and Bi, Jinbo and Rao, R Bharat},
	booktitle={IJCAI},
	pages={756--761},
	year={2007}
}
@article{bagging,
	title={Bagging predictors},
	author={Breiman, Leo},
	journal={Machine learning},
	volume={24},
	number={2},
	pages={123--140},
	year={1996},
	publisher={Springer}
}

@article{curseofdimensionality,
	title={On bias, variance, 0/1—loss, and the curse-of-dimensionality},
	author={Friedman, Jerome H},
	journal={Data mining and knowledge discovery},
	volume={1},
	number={1},
	pages={55--77},
	year={1997},
	publisher={Springer}
}

@article{johns1970phonemic,
	title={Phonemic variability in apraxia of speech},
	author={Johns, Donnell F and Darley, Frederic L},
	journal={Journal of Speech and Hearing Research},
	volume={13},
	number={3},
	pages={556--583},
	year={1970},
	publisher={ASHA}
}

@article{sppercentage1,
	title={Speech impairment in a large sample of patients with {Parkinson's} disease},
	author={Ho, Aileen K and Iansek, Robert and Marigliani, Caterina and Bradshaw, John L and Gates, Sandra},
	journal={Behavioural neurology},
	volume={11},
	number={3},
	pages={131--137},
	year={1999},
	publisher={Hindawi Publishing Corporation}
}


@article{sppercentage2,
	title={Speech and swallowing symptoms associated with {Parkinson's} disease and multiple sclerosis: a survey},
	author={Hartelius, Lena and Svensson, Per},
	journal={Folia Phoniatrica et Logopaedica},
	volume={46},
	number={1},
	pages={9--17},
	year={1994},
	publisher={Karger Publishers}
}

@article{sppercentage3,
	title={Frequency and cooccurrence of vocal tract dysfunctions in the speech of a large sample of {Parkinson} patients},
	author={Logemann, Jeri A and Fisher, Hilda B and Boshes, Benjamin and Blonsky, E Richard},
	journal={Journal of Speech and Hearing Disorders},
	volume={43},
	number={1},
	pages={47--57},
	year={1978},
	publisher={ASHA}
}

@inproceedings{splittlepathology2006,
	title={Nonlinear, biophysically-informed speech pathology detection},
	author={Little, Max and McSharry, Patrick and Moroz, Irene and Roberts, Stephen},
	booktitle={Acoustics, Speech and Signal Processing, 2006. ICASSP 2006 Proceedings. 2006 IEEE International Conference on},
	volume={2},
	pages={II--II},
	year={2006},
	organization={IEEE}
}

@article{adagrad,
	title={ADADELTA: an adaptive learning rate method},
	author={Zeiler, Matthew D},
	journal={arXiv preprint arXiv:1212.5701},
	year={2012}
}

@article{adam,
	title={Adam: A method for stochastic optimization},
	author={Kingma, Diederik and Ba, Jimmy},
	journal={arXiv preprint arXiv:1412.6980},
	year={2014}
}

@article{cho2009visiongait,
	title={A vision-based analysis system for gait recognition in patients with {Parkinson's} disease},
	author={Cho, Chien-Wen and Chao, Wen-Hung and Lin, Sheng-Huang and Chen, You-Yin},
	journal={Expert Systems with applications},
	volume={36},
	number={3},
	pages={7033--7039},
	year={2009},
	publisher={Elsevier}
}

@article{ramig2008speech,
	title={Speech treatment for {Parkinson's} disease},
	author={Ramig, Lorraine O and Fox, Cynthia and Sapir, Shimon},
	journal={Expert Review of Neurotherapeutics},
	volume={8},
	number={2},
	pages={297--309},
	year={2008},
	publisher={Taylor \& Francis}
}

@inproceedings{hazan2012,
	title={Early diagnosis of {Parkinson's} disease via machine learning on speech data},
	author={Hazan, Hananel and Hilu, Dan and Manevitz, Larry and Ramig, Lorraine O and Sapir, Shimon},
	booktitle={Electrical \& Electronics Engineers in Israel (IEEEI), 2012 IEEE 27th Convention of},
	pages={1--4},
	year={2012},
	organization={IEEE}
}

@article{mfcc,
	title={Distance measures for speech recognition, psychological and instrumental},
	author={Mermelstein, Paul},
	journal={Pattern recognition and artificial intelligence},
	volume={116},
	pages={374--388},
	year={1976}
}

@article{nonmotordiagnosis,
	title={Unveiling relevant non-motor {Parkinson's} disease severity symptoms using a machine learning approach},
	author={Arma{\~n}anzas, Rub{\'e}n and Bielza, Concha and Chaudhuri, Kallol Ray and Martinez-Martin, Pablo and Larra{\~n}aga, Pedro},
	journal={Artificial intelligence in medicine},
	volume={58},
	number={3},
	pages={195--202},
	year={2013},
	publisher={Elsevier}
}

@article{li2010multimodal,
	title={Multimodal physical activity recognition by fusing temporal and cepstral information},
	author={Li, Ming and Rozgica, Viktor and Thatte, Gautam and Lee, Sangwon and Emken, Adar and Annavaram, Murali and Mitra, Urbashi and Spruijt-Metz, Donna and Narayanan, Shrikanth},
	journal={IEEE Transactions on Neural Systems and Rehabilitation Engineering},
	volume={18},
	number={4},
	pages={369--380},
	year={2010},
	publisher={IEEE}
}

@article{mri1,
	title={Machine learning on brain MRI data for differential diagnosis of {Parkinson's} disease and Progressive Supranuclear Palsy},
	author={Salvatore, Christian and Cerasa, Antonio and Castiglioni, Isabella and Gallivanone, F and Augimeri, A and Lopez, M and Arabia, G and Morelli, M and Gilardi, MC and Quattrone, A},
	journal={Journal of Neuroscience Methods},
	volume={222},
	pages={230--237},
	year={2014},
	publisher={Elsevier}
}

@article{emdmotionlee2015,
	title={Detecting position dependent tremor with the Empirical mode decomposition},
	author={Lee, Andr{\'e} and Altenm{\"u}ller, Eckart},
	journal={Journal of clinical movement disorders},
	volume={2},
	number={1},
	pages={3},
	year={2015},
	publisher={BioMed Central}
}

@article{mri2,
	title={Predicting dementia development in {Parkinson's} disease using Bayesian network classifiers},
	author={Morales, Dinora A and Vives-Gilabert, Yolanda and G{\'o}mez-Ans{\'o}n, Beatriz and Bengoetxea, Endika and Larra{\~n}aga, Pedro and Bielza, Concha and Pagonabarraga, Javier and Kulisevsky, Jaime and Corcuera-Solano, Idoia and Delfino, Manuel},
	journal={Psychiatry Research: NeuroImaging},
	volume={213},
	number={2},
	pages={92--98},
	year={2013},
	publisher={Elsevier}
}

@article{preprocessingcontext,
	title={Preprocessing techniques for context recognition from accelerometer data},
	author={Figo, Davide and Diniz, Pedro C and Ferreira, Diogo R and Cardoso, Jo{\~a}o M},
	journal={Personal and Ubiquitous Computing},
	volume={14},
	number={7},
	pages={645--662},
	year={2010},
	publisher={Springer-Verlag}
}

@inproceedings{mri3,
	title={Applying Data Mining and Machine Learning Algorithms to predict symptom development in {Parkinson's} disease},
	author={Przybyszewski, Andrzej W},
	booktitle={Annales Academiae Medicae Silesiensis},
	volume={68},
	number={5},
	pages={332--349},
	year={2014}
}

@article{geneprediction,
	title={{Parkinson's} disease prediction using gene expression--A projection based learning meta-cognitive neural classifier approach},
	author={Babu, G Sateesh and Suresh, Sundaram},
	journal={Expert Systems with Applications},
	volume={40},
	number={5},
	pages={1519--1529},
	year={2013},
	publisher={Elsevier}
}

@article{mindescriptionlength,
	title={A universal prior for integers and estimation by minimum description length},
	author={Rissanen, Jorma},
	journal={The Annals of statistics},
	pages={416--431},
	year={1983},
	publisher={JSTOR}
}

@article{genemarkers,
	title={Molecular markers of early {Parkinson's} disease based on gene expression in blood},
	author={Scherzer, Clemens R and Eklund, Aron C and Morse, Lee J and Liao, Zhixiang and Locascio, Joseph J and Fefer, Daniel and Schwarzschild, Michael A and Schlossmacher, Michael G and Hauser, Michael A and Vance, Jeffery M and others},
	journal={Proceedings of the National Academy of Sciences},
	volume={104},
	number={3},
	pages={955--960},
	year={2007},
	publisher={National Acad Sciences}
}

@article{kfoldvsloo,
	title={Submodel selection and evaluation in regression. The X-random case},
	author={Breiman, Leo and Spector, Philip},
	journal={International statistical review/revue internationale de Statistique},
	pages={291--319},
	year={1992},
	publisher={JSTOR}
}

@article{motionmoderecognition,
	title={A survey on approaches of motion mode recognition using sensors},
	author={Elhoushi, Mostafa and Georgy, Jacques and Noureldin, Aboelmagd and Korenberg, Michael J},
	journal={IEEE Transactions on Intelligent Transportation Systems},
	volume={18},
	number={7},
	pages={1662--1686},
	year={2017},
	publisher={IEEE}
}

@inproceedings{EMDER,
	title={The empirical mode decomposition and the Hilbert spectrum for nonlinear and non-stationary time series analysis},
	author={Huang, Norden E and Shen, Zheng and Long, Steven R and Wu, Manli C and Shih, Hsing H and Zheng, Quanan and Yen, Nai-Chyuan and Tung, Chi Chao and Liu, Henry H},
	booktitle={Proceedings of the Royal Society of London A: mathematical, physical and engineering sciences},
	volume={454},
	number={1971},
	pages={903--995},
	year={1998},
	organization={The Royal Society}
}

@inproceedings{mfccml,
	title={A system for automatic detection of pathological speech},
	author={Dibazar, Alireza Afshordi and Narayanan, Shikanth},
	booktitle={Conference Signals, Systems, and Computers, Asilomar, CA},
	year={2002}
}

@article{nnaic,
	title={Searching most efficient neural network architecture using Akaike’s information criterion (AIC)},
	author={Panchal, Gaurang and Ganatra, Amit and Kosta, YP and Panchal, Devyani},
	journal={International Journal of Computer Applications},
	volume={1},
	number={5},
	pages={41--44},
	year={2010},
	publisher={International Journal of Computer Applications, 244 5 th Avenue,\# 1526, New York, NY 10001, USA India}
}

@article{LPCC,
	title={Linear predictive coding},
	author={O'Shaughnessy, Douglas},
	journal={IEEE potentials},
	volume={7},
	number={1},
	pages={29--32},
	year={1988},
	publisher={IEEE}
}

@inproceedings{cmuarctic,
	title={The CMU Arctic speech databases},
	author={Kominek, John and Black, Alan W},
	booktitle={Fifth ISCA Workshop on Speech Synthesis},
	year={2004}
}

@article{stone1977asymptoticaic,
	title={An asymptotic equivalence of choice of model by cross-validation and Akaike's criterion},
	author={Stone, Mervyn},
	journal={Journal of the Royal Statistical Society. Series B (Methodological)},
	pages={44--47},
	year={1977},
	publisher={JSTOR}
}

@article{generalinfocriteriongic,
	title={Regularization parameter selections via generalized information criterion},
	author={Zhang, Yiyun and Li, Runze and Tsai, Chih-Ling},
	journal={Journal of the American Statistical Association},
	volume={105},
	number={489},
	pages={312--323},
	year={2010},
	publisher={Taylor \& Francis}
}

@book{camacho2007swipe,
	title={SWIPE: A sawtooth waveform inspired pitch estimator for speech and music},
	author={Camacho, Arturo},
	year={2007},
	publisher={University of Florida Gainesville}
}

@article{shs,
	title={Measurement of pitch by subharmonic summation},
	author={Hermes, Dik J},
	journal={The journal of the acoustical society of America},
	volume={83},
	number={1},
	pages={257--264},
	year={1988},
	publisher={ASA}
}

@article{svmsoftmargin,
	title={Support-vector networks},
	author={Cortes, Corinna and Vapnik, Vladimir},
	journal={Machine learning},
	volume={20},
	number={3},
	pages={273--297},
	year={1995},
	publisher={Springer}
}

@article{cortes1995support,
	title={Support-vector networks},
	author={Cortes, Corinna and Vapnik, Vladimir},
	journal={Machine learning},
	volume={20},
	number={3},
	pages={273--297},
	year={1995},
	publisher={Springer}
}

@article{svm,
	title={A note on one class of perceptrons},
	author={Vapnik, Vladimir and Chervonenkis, Alexey},
	journal={Automation and remote control},
	volume={25},
	number={1},
	pages={103},
	year={1964}
}

@article{dropout,
	title={Dropout: a simple way to prevent neural networks from overfitting.},
	author={Srivastava, Nitish and Hinton, Geoffrey E and Krizhevsky, Alex and Sutskever, Ilya and Salakhutdinov, Ruslan},
	journal={Journal of machine learning research},
	volume={15},
	number={1},
	pages={1929--1958},
	year={2014}
}

@article{randomforests,
	title={Random forests},
	author={Breiman, Leo},
	journal={Machine learning},
	volume={45},
	number={1},
	pages={5--32},
	year={2001},
	publisher={Springer}
}

@article{tsanas2014robust,
	title={Robust fundamental frequency estimation in sustained vowels: detailed algorithmic comparisons and information fusion with adaptive Kalman filtering},
	author={Tsanas, Athanasios and Za{\~n}artu, Mat{\'\i}as and Little, Max A and Fox, Cynthia and Ramig, Lorraine O and Clifford, Gari D},
	journal={The Journal of the Acoustical Society of America},
	volume={135},
	number={5},
	pages={2885--2901},
	year={2014},
	publisher={ASA}
}

@article{sptsanastelemonitor2010,
	title={Accurate telemonitoring of {Parkinson's} disease progression by noninvasive speech tests},
	author={Tsanas, Athanasios and Little, Max A and McSharry, Patrick E and Ramig, Lorraine O},
	journal={IEEE transactions on Biomedical Engineering},
	volume={57},
	number={4},
	pages={884--893},
	year={2010},
	publisher={IEEE}
}

@book{bicml,
	title={Bayesian reasoning and machine learning},
	author={Barber, David},
	year={2012},
	publisher={Cambridge University Press}
}

@article{crossvalsurvey,
	title={A survey of cross-validation procedures for model selection},
	author={Arlot, Sylvain and Celisse, Alain and others},
	journal={Statistics surveys},
	volume={4},
	pages={40--79},
	year={2010},
	publisher={The author, under a Creative Commons Attribution License}
}

@article{tsanas2011nonlinear,
	title={Nonlinear speech analysis algorithms mapped to a standard metric achieve clinically useful quantification of average {Parkinson's} disease symptom severity},
	author={Tsanas, Athanasios and Little, Max A and McSharry, Patrick E and Ramig, Lorraine O},
	journal={Journal of the Royal Society Interface},
	volume={8},
	number={59},
	pages={842--855},
	year={2011},
	publisher={The Royal Society}
}

@article{tsanas2012novel,
	title={Novel speech signal processing algorithms for high-accuracy classification of {Parkinson's} disease},
	author={Tsanas, Athanasios and Little, Max A and McSharry, Patrick E and Spielman, Jennifer and Ramig, Lorraine O},
	journal={IEEE Transactions on Biomedical Engineering},
	volume={59},
	number={5},
	pages={1264--1271},
	year={2012},
	publisher={IEEE}
}

@inproceedings{overfittingcv,
	title={Preventing" overfitting" of cross-validation data},
	author={Ng, Andrew Y},
	booktitle={ICML},
	volume={97},
	pages={245--253},
	year={1997}
}

@article{splittlenonlinear2007,
	title={Exploiting nonlinear recurrence and fractal scaling properties for voice disorder detection},
	author={Little, Max A and McSharry, Patrick E and Roberts, Stephen J and Costello, Declan AE and Moroz, Irene M},
	journal={BioMedical Engineering OnLine},
	volume={6},
	number={1},
	pages={23},
	year={2007},
	publisher={BioMed Central}
}

@inproceedings{modelevalvilain,
	title={A model-theoretic coreference scoring scheme},
	author={Vilain, Marc and Burger, John and Aberdeen, John and Connolly, Dennis and Hirschman, Lynette},
	booktitle={Proceedings of the 6th conference on Message understanding},
	pages={45--52},
	year={1995},
	organization={Association for Computational Linguistics}
}

@article{splittledysphonia2009,
	title={Suitability of dysphonia measurements for telemonitoring of {Parkinson's} disease},
	author={Little, Max A and McSharry, Patrick E and Hunter, Eric J and Spielman, Jennifer and Ramig, Lorraine O and others},
	journal={IEEE transactions on biomedical engineering},
	volume={56},
	number={4},
	pages={1015--1022},
	year={2009},
	publisher={IEEE}
}

@article{parkinsonismdifferential1,
	title={Parkinsonism--recognition and differential diagnosis.},
	author={Quinn, Niall},
	journal={BMJ: British Medical Journal},
	volume={310},
	number={6977},
	pages={447},
	year={1995},
	publisher={BMJ Publishing Group}
}

@article{parkinsonismdifferential2,
	title={Gait variability and basal ganglia disorders: Stride-to-stride variations of gait cycle timing in {Parkinson's} disease and {Huntington's} disease},
	author={Hausdorff, Jeffrey M and Cudkowicz, Merit E and Firtion, Ren{\'e}e and Wei, Jeanne Y and Goldberger, Ary L},
	journal={Movement disorders},
	volume={13},
	number={3},
	pages={428--437},
	year={1998},
	publisher={Wiley Online Library}
}

@article{imupostural,
	title={Postural stability analysis with inertial measurement units in Alzheimer's disease},
	author={Gago, Miguel F and Fernandes, Vitor and Ferreira, Jaime and Silva, H{\'e}lder and Rocha, Lu{\'\i}s and Bicho, Estela and Sousa, Nuno},
	journal={Dementia and geriatric cognitive disorders extra},
	volume={4},
	number={1},
	pages={22--30},
	year={2014},
	publisher={Karger Publishers}
}

@inproceedings{das2011quantitative,
	title={Quantitative measurement of motor symptoms in {Parkinson's} disease: A study with full-body motion capture data},
	author={Das, Samarjit and Trutoiu, Laura and Murai, Akihiko and Alcindor, Dunbar and Oh, Michael and De la Torre, Fernando and Hodgins, Jessica},
	booktitle={Engineering in Medicine and Biology Society, EMBC, 2011 Annual International Conference of the IEEE},
	pages={6789--6792},
	year={2011},
	organization={IEEE}
}

@inproceedings{glorot2010understanding,
	title={Understanding the difficulty of training deep feedforward neural networks},
	author={Glorot, Xavier and Bengio, Yoshua},
	booktitle={Proceedings of the Thirteenth International Conference on Artificial Intelligence and Statistics},
	pages={249--256},
	year={2010}
}

@article{drawing,
	title={Machine learning-based classification of simple drawing movements in {Parkinson's} disease},
	author={Kotsavasiloglou, C and Kostikis, N and Hristu-Varsakelis, D and Arnaoutoglou, M},
	journal={Biomedical Signal Processing and Control},
	volume={31},
	pages={174--180},
	year={2017},
	publisher={Elsevier}
}

@article{movementdisorders,
	title={Functional Movement Disorders},
	author={Miyasaki, Janis and Hurtig, Howard and Dashe, John},
	journal={UpToDate},
	year={2017},
	publisher={UpToDate},
	url={http://www.uptodate.com/contents/functional-movement-disorders}
}

@article{alemami2014detectionsankar,
	title={Detection of {Parkinson} disease through voice signal features},
	author={Alemami, Yahia and Almazaydeh, Laiali},
	journal={The Journal of American Science},
	volume={10},
	number={10},
	pages={44--47},
	year={2014}
}

@inproceedings{rocsignificance,
	title={On machine learning, ROC analysis, and statistical tests of significance},
	author={Maloof, Marcus A},
	booktitle={Pattern Recognition, 2002. Proceedings. 16th International Conference on},
	volume={2},
	pages={204--207},
	year={2002},
	organization={IEEE}
}

@article{slowprog1,
	title={Selegiline slows the progression of the symptoms of {Parkinson} disease},
	author={P{\aa}lhagen, S and Heinonen, E and H{\"a}gglund, J and Kaugesaar, Toomas and M{\"a}ki-Ikola, O and Palm, R and Swedish {Parkinson} Study Group and others},
	journal={Neurology},
	volume={66},
	number={8},
	pages={1200--1206},
	year={2006},
	publisher={AAN Enterprises}
}

@article{bayesianttests,
	title={Bayesian t tests for accepting and rejecting the null hypothesis},
	author={Rouder, Jeffrey N and Speckman, Paul L and Sun, Dongchu and Morey, Richard D and Iverson, Geoffrey},
	journal={Psychonomic bulletin \& review},
	volume={16},
	number={2},
	pages={225--237},
	year={2009},
	publisher={Springer}
}

@article{gastrointestinal,
	title={Gastrointestinal manifestations in {Parkinson's} disease: prevalence and occurrence before motor symptoms},
	author={Cersosimo, Maria G and Raina, Gabriela B and Pecci, Cristina and Pellene, Alejandro and Calandra, Cristian R and Guti{\'e}rrez, Cristiam and Micheli, Federico E and Benarroch, Eduardo E},
	journal={Journal of neurology},
	volume={260},
	number={5},
	pages={1332--1338},
	year={2013},
	publisher={Springer}
}

@inproceedings{howcroft2014analysisgaitlyapunov,
	title={Analysis of dual-task elderly gait using wearable plantar-pressure insoles and accelerometer},
	author={Howcroft, Jennifer D and Lemaire, Edward D and Kofman, Jonathan and McIlroy, William E},
	booktitle={Engineering in Medicine and Biology Society (EMBC), 2014 36th Annual International Conference of the IEEE},
	pages={5003--5006},
	year={2014},
	organization={IEEE}
}

@article{dingwell2000nonlinearlyapunov,
	title={Nonlinear time series analysis of normal and pathological human walking},
	author={Dingwell, Jonathan B and Cusumano, Joseph P},
	journal={Chaos: An Interdisciplinary Journal of Nonlinear Science},
	volume={10},
	number={4},
	pages={848--863},
	year={2000},
	publisher={AIP}
}

@article{banbrook1999speechlyapunov,
	title={Speech characterization and synthesis by nonlinear methods},
	author={Banbrook, Michael and McLaughlin, Steve and Mann, Iain},
	journal={IEEE Transactions on Speech and Audio Processing},
	volume={7},
	number={1},
	pages={1--17},
	year={1999},
	publisher={IEEE}
}

@article{kokkinos2005nonlinearlyapunov,
	title={Nonlinear speech analysis using models for chaotic systems},
	author={Kokkinos, Iasonas and Maragos, Petros},
	journal={IEEE Transactions on Speech and Audio Processing},
	volume={13},
	number={6},
	pages={1098--1109},
	year={2005},
	publisher={IEEE}
}

@article{falsenearestneighbour,
	title={Determining embedding dimension for phase-space reconstruction using a geometrical construction},
	author={Kennel, Matthew B and Brown, Reggie and Abarbanel, Henry DI},
	journal={Physical review A},
	volume={45},
	number={6},
	pages={3403},
	year={1992},
	publisher={APS}
}

@article{rosenstein1993practicallyapunov,
	title={A practical method for calculating largest Lyapunov exponents from small data sets},
	author={Rosenstein, Michael T and Collins, James J and De Luca, Carlo J},
	journal={Physica D: Nonlinear Phenomena},
	volume={65},
	number={1-2},
	pages={117--134},
	year={1993},
	publisher={Elsevier}
}

@article{liu2015analysislyapunov,
	title={Analysis of human standing balance by largest Lyapunov exponent},
	author={Liu, Kun and Wang, Hongrui and Xiao, Jinzhuang and Taha, Zahari},
	journal={Computational intelligence and neuroscience},
	volume={2015},
	pages={20},
	year={2015},
	publisher={Hindawi Publishing Corp.}
}

@article{updrs,
	title={Movement Disorder Society-sponsored revision of the Unified {Parkinson's} Disease Rating Scale (MDS-UPDRS): Scale presentation and clinimetric testing results},
	author={Goetz, Christopher G and Tilley, Barbara C and Shaftman, Stephanie R and Stebbins, Glenn T and Fahn, Stanley and Martinez-Martin, Pablo and Poewe, Werner and Sampaio, Cristina and Stern, Matthew B and Dodel, Richard and others},
	journal={Movement disorders},
	volume={23},
	number={15},
	pages={2129--2170},
	year={2008},
	publisher={Wiley Online Library}
}

@inproceedings{multimodal,
	title={Multi-view Representation Learning Via GCCA for Multimodal Analysis of Parkinson" s Disease},
	author={Vasquez-Correa, Juan Camilo and Orozco-Arroyave, Juan Rafael and Arora, Raman and N{\"o}th, Elmar and Dehak, Najim and Christensen, Heidi and Rudzicz, Frank and Bocklet, Tobias and Cernak, Milos and Chinaei, Hamidreza and others},
	booktitle={Proceedings of 2017 IEEE International Conference on Acoustics, Speech, and Signal Processing (ICASSP 2017)},
	number={EPFL-CONF-224545},
	year={2017}
}

@article{slowprog2,
	title={Slower progression of {Parkinson's} disease with ropinirole versus levodopa: The REAL-PET study},
	author={Whone, Alan L and Watts, Ray L and Stoessl, A Jon and Davis, Margaret and Reske, Sven and Nahmias, Claude and Lang, Anthony E and Rascol, Olivier and Ribeiro, Maria J and Remy, Philippe and others},
	journal={Annals of neurology},
	volume={54},
	number={1},
	pages={93--101},
	year={2003},
	publisher={Wiley Online Library}
}

@article{slowprog3,
	title={Does levodopa slow or hasten the rate of progression of {Parkinson's} disease?},
	author={Fahn, Stanley and {Parkinson} Study Group and others},
	journal={Journal of neurology},
	volume={252},
	number={4},
	pages={iv37--iv42},
	year={2005},
	publisher={Springer}
}

@article{nonmotor,
	title={Non-motor symptoms in {Parkinson's} disease},
	author={Poewe, W},
	journal={European Journal of Neurology},
	volume={15},
	number={s1},
	pages={14--20},
	year={2008},
	publisher={Wiley Online Library}
}

@ARTICLE{subtypes,
	author = {Wang, Fei. and Liang, Jian. and Xiao, Cao.},
	title = {Subtyping {Parkinson's} Disease with Deep Learning Models},
	journal = {The Michael J. Fox Foundation},
	year = {2016},
	publisher = {The Michael J. Fox Foundation}
}

@article{jankovic2008,
	title={{Parkinson's} disease: clinical features and diagnosis},
	author={Jankovic, Joseph},
	journal={Journal of Neurology, Neurosurgery \& Psychiatry},
	volume={79},
	number={4},
	pages={368--376},
	year={2008},
	publisher={BMJ Publishing Group Ltd}
}

@article{jankovic2000evolution,
	title={The evolution of diagnosis in early {Parkinson} disease},
	author={Jankovic, Joseph and Rajput, Ali H and McDermott, Michael P and Perl, Daniel P},
	journal={Archives of neurology},
	volume={57},
	number={3},
	pages={369--372},
	year={2000},
	publisher={American Medical Association}
}

@article{brooksdiagnosis25,
	title={{Parkinson's} disease: diagnosis},
	author={Brooks, David J},
	journal={Parkinsonism \& related disorders},
	volume={18},
	pages={S31--S33},
	year={2012},
	publisher={Elsevier}
}

@article{tolosadiagnosis26,
	title={The diagnosis of {Parkinson's} disease},
	author={Tolosa, Eduardo and Wenning, Gregor and Poewe, Werner},
	journal={The Lancet Neurology},
	volume={5},
	number={1},
	pages={75--86},
	year={2006},
	publisher={Elsevier}
}

@article{genome,
	title={Large-scale meta-analysis of genome-wide association data identifies six new risk loci for {Parkinson's} disease},
	author={Nalls, Mike A and Pankratz, Nathan and Lill, Christina M and Do, Chuong B and Hernandez, Dena G and Saad, Mohamad and DeStefano, Anita L and Kara, Eleanna and Bras, Jose and Sharma, Manu and others},
	journal={Nature genetics},
	volume={46},
	number={9},
	pages={989--993},
	year={2014},
	publisher={Nature Research}
}

@article{PDessentialtremordifferentiation,
	title={Classification of parkinsonian and essential tremor using empirical mode decomposition and support vector machine},
	author={Ai, Lingmei and Wang, Jue and Yao, Ruoxia},
	journal={Digital Signal Processing},
	volume={21},
	number={4},
	pages={543--550},
	year={2011},
	publisher={Elsevier}
}

@article{savittdiagnosis1,
	title={Diagnosis and treatment of {Parkinson} disease: molecules to medicine},
	author={Savitt, Joseph M and Dawson, Valina L and Dawson, Ted M},
	journal={The Journal of clinical investigation},
	volume={116},
	number={7},
	pages={1744--1754},
	year={2006},
	publisher={Am Soc Clin Investig}
}

@article{mpower,
	title={The mPower study, {Parkinson} disease mobile data collected using ResearchKit},
	author={Bot, Brian M and Suver, Christine and Neto, Elias Chaibub and Kellen, Michael and Klein, Arno and Bare, Christopher and Doerr, Megan and Pratap, Abhishek and Wilbanks, John and Dorsey, E Ray and others},
	journal={Scientific data},
	volume={3},
	year={2016},
	publisher={Nature Publishing Group}
}
@article{thenganatt2014parkinsonsubtypes,
	title={{Parkinson} disease subtypes},
	author={Thenganatt, Mary Ann and Jankovic, Joseph},
	journal={JAMA neurology},
	volume={71},
	number={4},
	pages={499--504},
	year={2014},
	publisher={American Medical Association}
}
@article{ma2014overfitspeechlittle,
	title={An efficient diagnosis system for {Parkinson's} disease using kernel-based extreme learning machine with subtractive clustering features weighting approach},
	author={Ma, Chao and Ouyang, Jihong and Chen, Hui-Ling and Zhao, Xue-Hua},
	journal={Computational and mathematical methods in medicine},
	volume={2014},
	year={2014},
	publisher={Hindawi Publishing Corporation}
}

@article{biomarkerfluid,
	title={DJ-1 and $\alpha$-synuclein in human cerebrospinal fluid as biomarkers of {Parkinson's} disease},
	author={Hong, Zhen and Shi, Min and Chung, Kathryn A and Quinn, Joseph F and Peskind, Elaine R and Galasko, Douglas and Jankovic, Joseph and Zabetian, Cyrus P and Leverenz, James B and Baird, Geoffrey and others},
	journal={Brain},
	volume={133},
	number={3},
	pages={713--726},
	year={2010},
	publisher={Oxford University Press}
}

@article{brainbank,
	title={{Parkinson's Disease Society Brain Bank, London:} overview and research.},
	author={Daniel, SE and Lees, AJ},
	journal={Journal of neural transmission. Supplementum},
	volume={39},
	pages={165--172},
	year={1993}
}

@article{hughesdiagnosis100,
	title={Accuracy of clinical diagnosis of idiopathic {Parkinson's} disease: a clinico-pathological study of 100 cases.},
	author={Hughes, Andrew J and Daniel, Susan E and Kilford, Linda and Lees, Andrew J},
	journal={Journal of Neurology, Neurosurgery \& Psychiatry},
	volume={55},
	number={3},
	pages={181--184},
	year={1992},
	publisher={BMJ Publishing Group Ltd}
}

@article{earlynonmotor,
	title={Early {Parkinson's} disease and non-motor issues},
	author={Chaudhuri, K Ray and Naidu, Yogini},
	journal={Journal of neurology},
	volume={255},
	pages={33--38},
	year={2008},
	publisher={Springer}
}

@article{imagenet,
	title={Imagenet large scale visual recognition challenge},
	author={Russakovsky, Olga and Deng, Jia and Su, Hao and Krause, Jonathan and Satheesh, Sanjeev and Ma, Sean and Huang, Zhiheng and Karpathy, Andrej and Khosla, Aditya and Bernstein, Michael and others},
	journal={International Journal of Computer Vision},
	volume={115},
	number={3},
	pages={211--252},
	year={2015},
	publisher={Springer}
}

@inproceedings{benba2014mfcc,
	title={Voice analysis for detecting persons with {Parkinson's} disease using MFCC and VQ},
	author={Benba, Achraf and Jilbab, Abdelilah and Hammouch, Ahmed},
	booktitle={The 2014 international conference on circuits, systems and signal processing},
	pages={23--25},
	year={2014}
}

@article{fisherinfo,
	title={Fisher information and nonlinear dynamics},
	author={Martin, MT and Perez, J and Plastino, A},
	journal={Physica A: Statistical Mechanics and its Applications},
	volume={291},
	number={1},
	pages={523--532},
	year={2001},
	publisher={Elsevier}
}

@article{freedmanparadox,
	title={Return to a note on screening regression equations},
	author={Freedman, Laurence S and Pee, David},
	journal={The American Statistician},
	volume={43},
	number={4},
	pages={279--282},
	year={1989},
	publisher={Taylor \& Francis Group}
}

@article{drotar2015handwriting,
	title={Decision support framework for parkinson’s disease based on novel handwriting markers},
	author={Drot{\'a}r, Peter and Mekyska, Ji{\v{r}}{\'\i} and Rektorov{\'a}, Irena and Masarov{\'a}, Lucia and Sm{\'e}kal, Zden{\v{e}}k and Faundez-Zanuy, Marcos},
	journal={IEEE Transactions on Neural Systems and Rehabilitation Engineering},
	volume={23},
	number={3},
	pages={508--516},
	year={2015},
	publisher={IEEE}
}

@article{nnuniversalapprox,
	title={Multilayer feedforward networks are universal approximators},
	author={Hornik, Kurt and Stinchcombe, Maxwell and White, Halbert},
	journal={Neural networks},
	volume={2},
	number={5},
	pages={359--366},
	year={1989},
	publisher={Elsevier}
}

@article{ng2013unsupervised,
	title={Unsupervised feature learning and deep learning tutorial},
	author={Ng, Andrew and Ngiam, Jiquan and Foo, Chuan Yu and Mai, Yifan and Suen, Caroline},
	journal={h ttp://deeplearning. stanford. edu/tutorial},
	year={2013}
}

@article{canter1963speechcharacteristics,
	title={Speech characteristics of patients with {Parkinson's} disease: I. Intensity, pitch, and duration.},
	author={Canter, Gerald J},
	journal={Journal of Speech \& Hearing Disorders},
	year={1963},
	publisher={American Speech-Language-Hearing Association}
}
@article{sakar2012,
	title={Collection and analysis of a {Parkinson} speech dataset with multiple types of sound recordings},
	author={Sakar, Betul Erdogdu and Isenkul, M Erdem and Sakar, C Okan and Sertbas, Ahmet and Gurgen, Fikret and Delil, Sakir and Apaydin, Hulya and Kursun, Olcay},
	journal={IEEE Journal of Biomedical and Health Informatics},
	volume={17},
	number={4},
	pages={828--834},
	year={2013},
	publisher={IEEE}
}

@article{gastrointestinal,
	title={Gastrointestinal manifestations in {Parkinson's} disease: prevalence and occurrence before motor symptoms},
	author={Cersosimo, Maria G and Raina, Gabriela B and Pecci, Cristina and Pellene, Alejandro and Calandra, Cristian R and Guti{\'e}rrez, Cristiam and Micheli, Federico E and Benarroch, Eduardo E},
	journal={Journal of neurology},
	volume={260},
	number={5},
	pages={1332},
	year={2013},
	publisher={Springer Science \& Business Media}
}

@book{prml,
	title={Pattern recognition and machine learning},
	author={Bishop, Christopher M},
	year={2006},
	publisher={springer}
}

@article{review2015,
	title={A Survey of Machine Learning Based Approaches for {Parkinson} Disease Prediction},
	author={Bind, Shubham and Tiwari, Arvind Kumar and Sahani, Anil Kumar},
	journal={International Journal of Computer Science and Information Technologies},
	volume={6},
	number={2},
	pages={1648--1655},
	year={2015}
}

@inproceedings{cheng2016wide,
	title={Wide \& deep learning for recommender systems},
	author={Cheng, Heng-Tze and Koc, Levent and Harmsen, Jeremiah and Shaked, Tal and Chandra, Tushar and Aradhye, Hrishi and Anderson, Glen and Corrado, Greg and Chai, Wei and Ispir, Mustafa and others},
	booktitle={Proceedings of the 1st Workshop on Deep Learning for Recommender Systems},
	pages={7--10},
	year={2016},
	organization={ACM}
}

@article{zagoruyko2016wide,
	title={Wide residual networks},
	author={Zagoruyko, Sergey and Komodakis, Nikos},
	journal={arXiv preprint arXiv:1605.07146},
	year={2016}
}

@inproceedings{eldan2016power,
	title={The power of depth for feedforward neural networks},
	author={Eldan, Ronen and Shamir, Ohad},
	booktitle={Conference on Learning Theory},
	pages={907--940},
	year={2016}
}

@inproceedings{relu,
	title={Rectified linear units improve restricted boltzmann machines},
	author={Nair, Vinod and Hinton, Geoffrey E},
	booktitle={Proceedings of the 27th international conference on machine learning (ICML-10)},
	pages={807--814},
	year={2010}
}

@article{hjorth,
	title={{EEG} analysis based on time domain properties},
	author={Hjorth, Bo},
	journal={Electroencephalography and clinical neurophysiology},
	volume={29},
	number={3},
	pages={306--310},
	year={1970},
	publisher={Elsevier}
}

@article{review2013,
	title={{Parkinson's} disease motor symptoms in machine learning: A review},
	author={Ahlrichs, Claas and Lawo, Michael},
	journal={arXiv preprint arXiv:1312.3825},
	year={2013}
}

@article{ppmigood,
	title={An Improved Approach for Prediction of {Parkinson's} Disease using Machine Learning Techniques},
	author={Challa, Kamal Nayan Reddy and Pagolu, Venkata Sasank and Panda, Ganapati and Majhi, Babita},
	journal={arXiv preprint arXiv:1610.08250},
	year={2016}
}